@misc{siarohin2020order,
      title={First Order Motion Model for Image Animation},
      author={Aliaksandr Siarohin and Stéphane Lathuilière and Sergey Tulyakov and Elisa Ricci and Nicu Sebe},
      year={2020},
      eprint={2003.00196},
      archivePrefix={arXiv},
      primaryClass={cs.CV}
}

@misc{wu2019transgaga,
      title={TransGaGa: Geometry-Aware Unsupervised Image-to-Image Translation},
      author={Wayne Wu and Kaidi Cao and Cheng Li and Chen Qian and Chen Change Loy},
      year={2019},
      eprint={1904.09571},
      archivePrefix={arXiv},
      primaryClass={cs.CV}
}


@misc{shalev2020image,
      title={Image Animation with Perturbed Masks},
      author={Yoav Shalev and Lior Wolf},
      year={2020},
      eprint={2011.06922},
      archivePrefix={arXiv},
      primaryClass={cs.CV}
}

@misc{wiles2018x2face,
      title={X2Face: A network for controlling face generation by using images, audio, and pose codes},
      author={Olivia Wiles and A. Sophia Koepke and Andrew Zisserman},
      year={2018},
      eprint={1807.10550},
      archivePrefix={arXiv},
      primaryClass={cs.CV}
}

@misc{siarohin2019animating,
      title={Animating Arbitrary Objects via Deep Motion Transfer},
      author={Aliaksandr Siarohin and Stéphane Lathuilière and Sergey Tulyakov and Elisa Ricci and Nicu Sebe},
      year={2019},
      eprint={1812.08861},
      archivePrefix={arXiv},
      primaryClass={cs.GR}
}
